@article{berger_2017,
  title={Geometric morphometrics reveals shifts in flower shape symmetry and size following gene knockdown of CYCLOIDEA and ANTHOCYANIDIN SYNTHASE},
  author={Berger, Brent A and Ricigliano, Vincent A and Savriama, Yoland and Lim, Aedric and Thompson, Veronica and Howarth, Dianella G},
  journal={BMC plant biology},
  volume={17},
  number={1},
  pages={205},
  year={2017},
  publisher={BioMed Central}
}

@article{campos_2015,
  title={Shape matters: corolla curvature improves nectar discovery in the hawkmoth Manduca sexta},
  author={Campos, Eric O and Bradshaw, Harvey D and Daniel, Thomas L},
  journal={Functional ecology},
  volume={29},
  number={4},
  pages={462--468},
  year={2015},
  publisher={Wiley Online Library}
}

@article{dellinger_2019,
  title={Beyond buzz-pollination--departures from an adaptive plateau lead to new pollination syndromes},
  author={Dellinger, Agnes S and Chartier, Marion and Fern{\'a}ndez-Fern{\'a}ndez, Diana and Penneys, Darin S and Alvear, Marcela and Almeda, Frank and Michelangeli, Fabi{\'a}n A and Staedler, Yannick and Armbruster, W Scott and Sch{\"o}nenberger, J{\"u}rg},
  journal={New Phytologist},
  volume={221},
  number={2},
  pages={1136--1149},
  year={2019},
  publisher={Wiley Online Library}
}

@article{hamilton_1975,
  title={Comparative behavior of the American Avocet and the Black-necked Stilt (Recurvirostridae)},
  author={Hamilton, Robert Bruce},
  journal={Ornithological Monographs},
  number={17},
  pages={iii--98},
  year={1975},
  publisher={JSTOR}
}

@article{joly_2018,
  title={Greater pollination generalization is not associated with reduced constraints on corolla shape in Antillean plants},
  author={Joly, Simon and Lambert, Fran{\c{c}}ois and Alexandre, Hermine and Clavel, Julien and L{\'e}veill{\'e}-Bourret, {\'E}tienne and Clark, John L},
  journal={Evolution},
  volume={72},
  number={2},
  pages={244--260},
  year={2018},
  publisher={Wiley Online Library}
}

@article{kawabata_2009,
  title={Quantitative analysis of corolla shapes and petal contours in single-flower cultivars of lisianthus},
  author={Kawabata, Saneyuki and Yokoo, Mihoshi and Nii, Kaeko},
  journal={Scientia horticulturae},
  volume={121},
  number={2},
  pages={206--212},
  year={2009},
  publisher={Elsevier}
}

@article{nii_2011,
  title={Assessment of the association between the three-dimensional shape of the corolla and two-dimensional shapes of petals using fourier descriptors and principal component analysis in eustoma grandiflorum},
  author={Nii, Kaeko and Kawabata, Saneyuki},
  journal={Journal of the Japanese Society for Horticultural Science},
  volume={80},
  number={2},
  pages={200--205},
  year={2011},
  publisher={THE JAPANESE SOCIETY FOR HORTICULTURAL SCIENCE}
}

@article{pour_2018,
  title={Curvature-based pattern recognition for cultivar classification of Anthurium flowers},
  author={Pour, Alireza Soleimani and Chegini, Gholamreza and Zarafshan, Payam and Massah, Jafar},
  journal={Postharvest biology and technology},
  volume={139},
  pages={67--74},
  year={2018},
  publisher={Elsevier}
}


