@article{stiles1975ecology,
  title={Ecology, flowering phenology, and hummingbird pollination of some Costa Rican Heliconia species},
  author={Stiles, F Gary},
  journal={Ecology},
  volume={56},
  number={2},
  pages={285--301},
  year={1975},
  publisher={Wiley Online Library}
}

@book{sprengel1793entdeckte,
  title={Das entdeckte Geheimnis der Natur im Bau und in der Befruchtung der Blumen},
  author={Sprengel, Christian Konrad},
  year={1793},
  publisher={Рипол Классик}
}

@article{feinsinger1978community,
  title={Community organization among neotropical nectar-feeding birds},
  author={Feinsinger, Peter and Colwell, Robert K},
  journal={American Zoologist},
  volume={18},
  number={4},
  pages={779--795},
  year={1978},
  publisher={Oxford University Press UK}
}

@article{stiles1995behavioral,
  title={Behavioral, ecological and morphological correlates of foraging for arthropods by the hummingbirds of a tropical wet forest},
  author={Stiles, F Gary},
  journal={Condor},
  pages={853--878},
  year={1995},
  publisher={JSTOR}
}

@article{maglianesi2014morphological,
  title={Morphological traits determine specialization and resource use in plant--hummingbird networks in the neotropics},
  author={Maglianesi, Mar{\'\i}a Alejandra and Bl{\"u}thgen, Nico and B{\"o}hning-Gaese, Katrin and Schleuning, Matthias},
  journal={Ecology},
  volume={95},
  number={12},
  pages={3325--3334},
  year={2014},
  publisher={Wiley Online Library}
}

@article{dalsgaard2018trait,
  title={Trait evolution, resource specialization and vulnerability to plant extinctions among Antillean hummingbirds},
  author={Dalsgaard, Bo and Kennedy, Jonathan D and Simmons, Benno I and Baquero, Andrea C and Mart{\'\i}n Gonz{\'a}lez, Ana M and Timmermann, Allan and Maruyama, Pietro K and McGuire, Jimmy A and Ollerton, Jeff and Sutherland, William J and others},
  journal={Proceedings of the Royal Society B: Biological Sciences},
  volume={285},
  number={1875},
  pages={20172754},
  year={2018},
  publisher={The Royal Society}
}

@article{lopez2018role,
  title={The role of size and dominance in the feeding behaviour of coexisting hummingbirds},
  author={L{\'o}pez-Segoviano, Gabriel and Bribiesca, Rafael and Arizmendi, Mar{\'\i}a Del Coro},
  journal={Ibis},
  volume={160},
  number={2},
  pages={283--292},
  year={2018},
  publisher={Wiley Online Library}
}

@article{bergamo2018trait,
  title={Trait patterns across space and time suggest an interplay of facilitation and competition acting on Neotropical hummingbird-pollinated plant communities},
  author={Bergamo, Pedro Joaquim and Wolowski, Marina and Maruyama, Pietro Kiyoshi and Vizentin-Bugoni, Jeferson and Sazima, Marlies},
  journal={Oikos},
  volume={127},
  number={11},
  pages={1690--1700},
  year={2018},
  publisher={Wiley Online Library}
}

@article{jordano2003invariant,
  title={Invariant properties in coevolutionary networks of plant--animal interactions},
  author={Jordano, Pedro and Bascompte, Jordi and Olesen, Jens M},
  journal={Ecology letters},
  volume={6},
  number={1},
  pages={69--81},
  year={2003},
  publisher={Wiley Online Library}
}

@article{temeles2000evidence,
  title={Evidence for ecological causation of sexual dimorphism in a hummingbird},
  author={Temeles, Ethan J and Pan, Irvin L and Brennan, Jillian L and Horwitt, Jedediah N},
  journal={Science},
  volume={289},
  number={5478},
  pages={441--443},
  year={2000},
  publisher={American Association for the Advancement of Science}
}

@article{krauss2017novel,
  title={Novel consequences of bird pollination for plant mating},
  author={Krauss, Siegfried L and Phillips, Ryan D and Karron, Jeffrey D and Johnson, Steven D and Roberts, David G and Hopper, Stephen D},
  journal={Trends in Plant Science},
  volume={22},
  number={5},
  pages={395--410},
  year={2017},
  publisher={Elsevier}
}
@article{wolowski2017influence,
  title={Influence of plant--pollinator interactions on the assembly of plant and hummingbird communities},
  author={Wolowski, Marina and Carvalheiro, Lu{\'\i}sa G and Freitas, Leandro},
  journal={Journal of Ecology},
  volume={105},
  number={2},
  pages={332--344},
  year={2017},
  publisher={Wiley Online Library}
}

@article{temeles1996new,
  title={A new dimension to hummingbird-flower relationships},
  author={Temeles, Ethan J},
  journal={Oecologia},
  volume={105},
  number={4},
  pages={517--523},
  year={1996},
  publisher={Springer}
}

@article{hainsworth1973tongue,
  title={On the tongue of a hummingbird: its role in the rate and energetics of feeding},
  author={Hainsworth, F Reed},
  journal={Comparative Biochemistry and Physiology Part A: Physiology},
  volume={46},
  number={1},
  pages={65--78},
  year={1973},
  publisher={Elsevier}
}

@book{baldwin1931measurements,
  title={Measurements of birds},
  author={Baldwin, Samuel Prentiss and Oberholser, Harry Church and Worley, Leonard George},
  number={17},
  year={1931},
  publisher={Cleveland Museum of Natural History}
}

@misc{faegri1979the,
  title={1979The principles of pollination ecology},
  author={Faegri, K and Van der Pijl, L},
  year={1979},
  publisher={Pergamon, Oxford}
}